@article{guolong,
author = {He, Guolong and Gao, Xin and Sun, Liangliang and Zhang, Rentian},
year = {2021},
month = {10},
pages = {1-1},
title = {A Review of Multibeam Phased Array Antennas as LEO Satellite Constellation Ground Station},
volume = {PP},
journal = {IEEE Access},
doi = {10.1109/ACCESS.2021.3124318}
}
@article{airforce,
author={RAAF},
journal = {Royal Australian Air Force},
year = {2020},
URL = {https://www.airforce.gov.au/technology/aircraft/intelligence-surveillance-and-reconnaissance/mq-4c-triton-unmanned-aircraft},
title = {MQ-4C Triton Unmanned Aircraft System},
}
@article{generalreport,
author = {ANAO}
journal = {Australian National Audit Office},
year = {2020},
title = {2019â€“20 Major Projects Report},
journal = {Project Data Summary Sheets},
}
@article{defencegov,
author={DoD}
journal = {Department of Defence},
year = {2020},
title = {Triton Remotely Piloted Unmanned Aircraft System },
URL = {https://www.defence.gov.au/project/triton-remotely-piloted-unmanned-aircraft-system}
}
@article{northrop,
author = {Northrop},
journal = {Northrop Grumman},
year = {2020},
title = {MQ-4C Triton: Making the World's Oceans Smaller},
}
@article{northropdatasheet,
author = {TealGroup},
year = {2019},
journal = {Military Electronics Briefing},
title = {Global Hawk & Triton & Future Next-Gen HALE EO/IR &
Radars},
}
@article{navyrecognition,
author = {NavyRecognition},
year = {2020},
journal = {}
title = {Australia buys more Northrop Grumman MQ-4C Triton UAVs},
}
@article{eoportal,
author = {Kramer, Herbert},
year = {2010},
journal = {EOPortal Directory},
title = {Global Hawk UAS (Unmanned Aerial System) of NASA},
}
@techreport{10.2307/resrep13763.8,
 URL = {http://www.jstor.org/stable/resrep13763.8},
 author = {Jeffrey L. Stephenson},
 institution = {Air University Press},
 pages = {7--17},
 title = {The Air Refueling Receiver That Does Not Complain},
 urldate = {2022-06-15},
 year = {1999}
}
@inproceedings{griethe,
author = {Griethe, Wolfgang},
year = {2011},
month = {05},
pages = {},
title = {ADVANCED BROADBAND LINKS FOR TIER III UAV DATA COMMUNICATION}
}
@article{thinkom,
author = {ThinKom},
year = {2018},
URL = {https://www.thinkom.com/wp-content/uploads/2022/03/thinair-ka2517-datasheet.pdf},
title = {Ka-band Satcom Antenna for Global Broadband: Technical Specifications},
}
@article{moench,
author = {Moench Publishing Group},
year = {2022},
URL = {https://monch.com/thinkom-antenna-selected-for-triton-surrogate/},
title = {ThinKom Antenna Selected for Triton Surrogate},
}
@inproceedings{pachler,
author = {Pachler, Nils and del Portillo Barrios, Inigo and Crawley, Edward and Cameron, Bruce},
year = {2021},
month = {06},
pages = {1-7},
title = {An Updated Comparison of Four Low Earth Orbit Satellite Constellation Systems to Provide Global Broadband},
doi = {10.1109/ICCWorkshops50388.2021.9473799}
}
@article{starlinkfcc,
author={Starlink Services, LLC },
year = {2021},
title = {PETITION OF STARLINK SERVICES, LLC FOR DESIGNATION AS AN ELIGIBLE TELECOMMUNICATIONS CARRIER},
URL = {https://www.mass.gov/doc/dtc-21-1-starlink-final-order/download}
}
@article{kuiperfcc,
author={Kuiper Systems, LLC},
year = {2020},
title = {Application for Authority to Deploy and Operate a Ka-band Non-Geostationary Satellite Orbit System},
URL = {https://docs.fcc.gov/public/attachments/FCC-20-102A1.txt}
}
@article{kuiperappendix,
author={Kuiper Systems, LLC},
year = {2020},
title = {Application of Kuiper Systems LLC for Authority to Launch and Operate a Non-Geostationary Satellite Orbit System in Ka-band Frequencies: Technical Appendix},
URL = {https://arstechnica.com/wp-content/uploads/2019/07/amazon-Technical-Appendix.pdf}
}
@article{kuipernarrative,
author={Kuiper Systems, LLC},
year = {2021},
title = {Request for Experimental Authorization: Narrative Statement},
URL = {https://apps.fcc.gov/els/GetAtt.html?id=285359}
}
@article{elecnotes,
author={Electronic Notes}
year = {2020},
title = {Tropospheric Propagation},
URL = {https://www.electronics-notes.com/articles/antennas-propagation/tropospheric/tropospheric-propagation.php}
}
@inbook{alsaegh,
author = {Al-Saegh, Ali and Sali, Aduwati and Mandeep, J. and Ismail, Alyani and Al-Jumaily, Abdulmajeed and Gomes, Chandima},
year = {2014},
month = {09},
pages = {28},
title = {Atmospheric Propagation Model for Satellite Communications},
isbn = {978-953-51-1719-3},
doi = {10.5772/58238}
}
@article{Ahn2019,
author={Ahn, ByungKuon
and Hwang, In-June
and Kim, Kwang-Seok
and Chae, Soo-Chang
and Yu, Jong-Won
and Lee, Han Lim},
title={Wide-Angle Scanning Phased Array Antenna using High Gain Pattern Reconfigurable Antenna Elements},
journal={Scientific Reports},
year={2019},
month={Dec},
day={05},
volume={9},
number={1},
pages={18391},
issn={2045-2322},
doi={10.1038/s41598-019-54120-2},
url={https://doi.org/10.1038/s41598-019-54120-2}
}
@article{LI2019123,
title = {Bit-error rate investigation of satellite-to-ground downlink optical communication employing spatial diversity and modulation techniques},
journal = {Optics Communications},
volume = {442},
pages = {123-131},
year = {2019},
issn = {0030-4018},
doi = {https://doi.org/10.1016/j.optcom.2019.03.012},
url = {https://www.sciencedirect.com/science/article/pii/S0030401819302020},
author = {Kangning Li and Bo Lin and Jing Ma},
}
@book{10.5555/582818,
author = {Heiskala, Juha and Terry, John},
title = {OFDM Wireless LANs: A Theoretical and Practical Guide},
year = {2001},
isbn = {0672321572},
publisher = {Sams},
address = {USA},
}
@article{simeon,
author = {Ajose, Simeon and Imoize, Agbotiname and Obiukwu, Obinna},
year = {2018},
month = {07},
pages = {},
title = {Bit error rate analysis of different digital modulation schemes in orthogonal frequency division multiplexing systems},
volume = {37},
journal = {Nigerian Journal of Technology},
doi = {10.4314/njt.v37i3.23}
}
@book{book,
author = {Ryan, Mike},
year = {2004},
month = {01},
pages = {},
title = {Principles of Satellite Communications},
isbn = {0-980238-3-2}
}